@inproceedings{schulman2015trust,
  title={Trust region policy optimization},
  author={Schulman, John and Levine, Sergey and Abbeel, Pieter and Jordan, Michael and Moritz, Philipp},
  booktitle={International conference on machine learning},
  pages={1889--1897},
  year={2015}
}

@inproceedings{sutton2009fast,
  title={Fast gradient-descent methods for temporal-difference learning with linear function approximation},
  author={Sutton, Richard S and Maei, Hamid Reza and Precup, Doina and Bhatnagar, Shalabh and Silver, David and Szepesv{\'a}ri, Csaba and Wiewiora, Eric},
  booktitle={Proceedings of the 26th Annual International Conference on Machine Learning},
  pages={993--1000},
  year={2009}
}

@article{sutton2008convergent,
  title={A convergent O (n) algorithm for off-policy temporal-difference learning with linear function approximation},
  author={Sutton, Richard S and Szepesv{\'a}ri, Csaba and Maei, Hamid Reza},
  journal={Advances in neural information processing systems},
  volume={21},
  number={21},
  pages={1609--1616},
  year={2008},
  publisher={MIT Press}
}

@article{che2016mode,
  title={Mode regularized generative adversarial networks},
  author={Che, Tong and Li, Yanran and Jacob, Athul Paul and Bengio, Yoshua and Li, Wenjie},
  journal={arXiv preprint arXiv:1612.02136},
  year={2016}
}

@article{arjovsky2017wasserstein,
  title={Wasserstein gan},
  author={Arjovsky, Martin and Chintala, Soumith and Bottou, L{\'e}on},
  journal={arXiv preprint arXiv:1701.07875},
  year={2017}
}

@inproceedings{ross2011reduction,
  title={A reduction of imitation learning and structured prediction to no-regret online learning},
  author={Ross, St{\'e}phane and Gordon, Geoffrey and Bagnell, Drew},
  booktitle={Proceedings of the fourteenth international conference on artificial intelligence and statistics},
  pages={627--635},
  year={2011}
}

@inproceedings{syed2008apprenticeship,
  title={Apprenticeship learning using linear programming},
  author={Syed, Umar and Bowling, Michael and Schapire, Robert E},
  booktitle={Proceedings of the 25th international conference on Machine learning},
  pages={1032--1039},
  year={2008}
}

@inproceedings{syed2008game,
  title={A game-theoretic approach to apprenticeship learning},
  author={Syed, Umar and Schapire, Robert E},
  booktitle={Advances in neural information processing systems},
  pages={1449--1456},
  year={2008}
}

@inproceedings{ghasemipour2020divergence,
  title={A divergence minimization perspective on imitation learning methods},
  author={Ghasemipour, Seyed Kamyar Seyed and Zemel, Richard and Gu, Shixiang},
  booktitle={Conference on Robot Learning},
  pages={1259--1277},
  year={2020},
  organization={PMLR}
}

@article{xiao2019wasserstein,
  title={Wasserstein adversarial imitation learning},
  author={Xiao, Huang and Herman, Michael and Wagner, Joerg and Ziesche, Sebastian and Etesami, Jalal and Linh, Thai Hong},
  journal={arXiv preprint arXiv:1906.08113},
  year={2019}
}

@inproceedings{ng2000algorithms,
  title={Algorithms for inverse reinforcement learning.},
  author={Ng, Andrew Y and Russell, Stuart J and others},
  booktitle={Icml},
  volume={1},
  pages={2},
  year={2000}
}

@article{lee2019efficient,
  title={Efficient exploration via state marginal matching},
  author={Lee, Lisa and Eysenbach, Benjamin and Parisotto, Emilio and Xing, Eric and Levine, Sergey and Salakhutdinov, Ruslan},
  journal={arXiv preprint arXiv:1906.05274},
  year={2019}
}

@inproceedings{li2015generative,
  title={Generative moment matching networks},
  author={Li, Yujia and Swersky, Kevin and Zemel, Rich},
  booktitle={International Conference on Machine Learning},
  pages={1718--1727},
  year={2015}
}

@article{dziugaite2015training,
  title={Training generative neural networks via maximum mean discrepancy optimization},
  author={Dziugaite, Gintare Karolina and Roy, Daniel M and Ghahramani, Zoubin},
  journal={arXiv preprint arXiv:1505.03906},
  year={2015}
}

@inproceedings{abbeel2004apprenticeship,
  title={Apprenticeship learning via inverse reinforcement learning},
  author={Abbeel, Pieter and Ng, Andrew Y},
  booktitle={Proceedings of the twenty-first international conference on Machine learning},
  pages={1},
  year={2004}
}

@inproceedings{konda2000actor,
  title={Actor-critic algorithms},
  author={Konda, Vijay R and Tsitsiklis, John N},
  booktitle={Advances in neural information processing systems},
  pages={1008--1014},
  year={2000}
}

@inproceedings{norouzi2016reward,
  title={Reward augmented maximum likelihood for neural structured prediction},
  author={Norouzi, Mohammad and Bengio, Samy and Jaitly, Navdeep and Schuster, Mike and Wu, Yonghui and Schuurmans, Dale and others},
  booktitle={Advances In Neural Information Processing Systems},
  pages={1723--1731},
  year={2016}
}

@inproceedings{peters2007reinforcement,
  title={Reinforcement learning by reward-weighted regression for operational space control},
  author={Peters, Jan and Schaal, Stefan},
  booktitle={Proceedings of the 24th international conference on Machine learning},
  pages={745--750},
  year={2007}
}

@article{levine2018reinforcement,
  title={Reinforcement learning and control as probabilistic inference: Tutorial and review},
  author={Levine, Sergey},
  journal={arXiv preprint arXiv:1805.00909},
  year={2018}
}

@article{kappen2012optimal,
  title={Optimal control as a graphical model inference problem},
  author={Kappen, Hilbert J and G{\'o}mez, Vicen{\c{c}} and Opper, Manfred},
  journal={Machine learning},
  volume={87},
  number={2},
  pages={159--182},
  year={2012},
  publisher={Springer}
}

@inproceedings{peters2010relative,
  title={Relative entropy policy search.},
  author={Peters, Jan and M{\"u}lling, Katharina and Altun, Yasemin},
  booktitle={AAAI},
  volume={10},
  pages={1607--1612},
  year={2010},
  organization={Atlanta}
}

@inproceedings{toussaint2009robot,
  title={Robot trajectory optimization using approximate inference},
  author={Toussaint, Marc},
  booktitle={Proceedings of the 26th annual international conference on machine learning},
  pages={1049--1056},
  year={2009}
}

@inproceedings{todorov2007linearly,
  title={Linearly-solvable Markov decision problems},
  author={Todorov, Emanuel},
  booktitle={Advances in neural information processing systems},
  pages={1369--1376},
  year={2007}
}

@article{sun2019adversarial,
  title={Adversarial imitation learning from incomplete demonstrations},
  author={Sun, Mingfei and Ma, Xiaojuan},
  journal={arXiv preprint arXiv:1905.12310},
  year={2019}
}

@inproceedings{hausman2017multi,
  title={Multi-modal imitation learning from unstructured demonstrations using generative adversarial nets},
  author={Hausman, Karol and Chebotar, Yevgen and Schaal, Stefan and Sukhatme, Gaurav and Lim, Joseph J},
  booktitle={Advances in Neural Information Processing Systems},
  pages={1235--1245},
  year={2017}
}

@inproceedings{li2017infogail,
  title={Infogail: Interpretable imitation learning from visual demonstrations},
  author={Li, Yunzhu and Song, Jiaming and Ermon, Stefano},
  booktitle={Advances in Neural Information Processing Systems},
  pages={3812--3822},
  year={2017}
}

@article{kostrikov2019imitation,
  title={Imitation learning via off-policy distribution matching},
  author={Kostrikov, Ilya and Nachum, Ofir and Tompson, Jonathan},
  journal={arXiv preprint arXiv:1912.05032},
  year={2019}
}

@article{ke2019imitation,
  title={Imitation Learning as $ f $-Divergence Minimization},
  author={Ke, Liyiming and Barnes, Matt and Sun, Wen and Lee, Gilwoo and Choudhury, Sanjiban and Srinivasa, Siddhartha},
  journal={arXiv preprint arXiv:1905.12888},
  year={2019}
}

@inproceedings{ho2016generative,
  title={Generative adversarial imitation learning},
  author={Ho, Jonathan and Ermon, Stefano},
  booktitle={Advances in neural information processing systems},
  pages={4565--4573},
  year={2016}
}

@article{saygin2000turing,
  title={Turing test: 50 years later},
  author={Saygin, Ayse Pinar and Cicekli, Ilyas and Akman, Varol},
  journal={Minds and machines},
  volume={10},
  number={4},
  pages={463--518},
  year={2000},
  publisher={Springer}
}

@book{villani2008optimal,
  title={Optimal transport: old and new},
  author={Villani, C{\'e}dric},
  volume={338},
  year={2008},
  publisher={Springer Science \& Business Media}
}

@inproceedings{nowozin2016f,
  title={f-gan: Training generative neural samplers using variational divergence minimization},
  author={Nowozin, Sebastian and Cseke, Botond and Tomioka, Ryota},
  booktitle={Advances in neural information processing systems},
  pages={271--279},
  year={2016}
}

@article{nguyen2010estimating,
  title={Estimating divergence functionals and the likelihood ratio by convex risk minimization},
  author={Nguyen, XuanLong and Wainwright, Martin J and Jordan, Michael I},
  journal={IEEE Transactions on Information Theory},
  volume={56},
  number={11},
  pages={5847--5861},
  year={2010},
  publisher={IEEE}
}

@article{liese2006divergences,
  title={On divergences and informations in statistics and information theory},
  author={Liese, Friedrich and Vajda, Igor},
  journal={IEEE Transactions on Information Theory},
  volume={52},
  number={10},
  pages={4394--4412},
  year={2006},
  publisher={IEEE}
}

@article{neal2011mcmc,
  title={MCMC using Hamiltonian dynamics},
  author={Neal, Radford M and others},
  journal={Handbook of markov chain monte carlo},
  volume={2},
  number={11},
  pages={2},
  year={2011}
}

@article{hastings1970monte,
  title={Monte Carlo sampling methods using Markov chains and their applications},
  author={Hastings, W Keith},
  year={1970},
  publisher={Oxford University Press}
}

@inproceedings{goodfellow2014generative,
  title={Generative adversarial nets},
  author={Goodfellow, Ian and Pouget-Abadie, Jean and Mirza, Mehdi and Xu, Bing and Warde-Farley, David and Ozair, Sherjil and Courville, Aaron and Bengio, Yoshua},
  booktitle={Advances in neural information processing systems},
  pages={2672--2680},
  year={2014}
}

@inproceedings{liu2018breaking,
  title={Breaking the curse of horizon: Infinite-horizon off-policy estimation},
  author={Liu, Qiang and Li, Lihong and Tang, Ziyang and Zhou, Dengyong},
  booktitle={Advances in Neural Information Processing Systems},
  pages={5356--5366},
  year={2018}
}